@inproceedings{desjardins2011playing,
  title={Playing to Program: Towards an Intelligent Programming Tutor for RUR-PLE},
  author={desJardins, M. and Ciavolino, A. and Deloatch, R. and Feasley, E. and others},
  booktitle={Second AAAI Symposium on Educational Advances in Artificial Intelligence},
  year={2011}
}

@article{miikkulainen2012multiagent,
  title={Multiagent learning through neuroevolution},
  author={Miikkulainen, R. and Feasley, E. and Johnson, L. and Karpov, I. and Rajagopalan, P. and Rawal, A. and Tansey, W.},
  journal={Advances in Computational Intelligence},
  pages={24--46},
  year={2012},
  publisher={Springer}
}

@inproceedings{tansey2012accelerating,
  title={Accelerating evolution via egalitarian social learning},
  author={Tansey, W. and Feasley, E. and Miikkulainen, R.},
  booktitle={Proceedings of the fourteenth international conference on Genetic and evolutionary computation conference},
  pages={919--926},
  year={2012},
  organization={ACM}
}